@article{tang2015effective,
  title={Effective LSTMs for Target-Dependent Sentiment Classification},
  author={Tang, Duyu and Qin, Bing and Feng, Xiaocheng and Liu, Ting},
  journal={arXiv preprint arXiv:1512.01100},
  year={2015}
}
@article{dongadaptive,
  title={Adaptive Recursive Neural Network for Target-dependent Twitter Sentiment Classification},
  author={Dong, Li and Wei, Furu and Tan, Chuanqi and TangT, Duyu and Zhou, Ming and Xu, Ke}
}
@article{go2009twitter,
  title={Twitter sentiment classification using distant supervision},
  author={Go, Alec and Bhayani, Richa and Huang, Lei},
  journal={CS224N Project Report, Stanford},
  volume={1},
  number={2009},
  pages={12},
  year={2009}
}
@article{bengio2003neural,
  title={A neural probabilistic language model},
  author={Bengio, Yoshua and Ducharme, R{\'e}jean and Vincent, Pascal and Jauvin, Christian},
  journal={Journal of machine learning research},
  volume={3},
  number={Feb},
  pages={1137--1155},
  year={2003}
}
@book{Goodfellow-et-al-2016,
    title={Deep Learning},
    author={Ian Goodfellow and Yoshua Bengio and Aaron Courville},
    publisher={MIT Press},
    note={\url{http://www.deeplearningbook.org}},
    year={2016}
}
@book{khoattq,
    title={Slide Học máy},
    author={Thân Quang Khoát},
    publisher={Đại Học Bách Khoa Hà Nội}
}
@online{activation_medium,
    author    = "Avinash Sharma V",
    title     = "Understanding Activation Functions in Neural Networks",
    url       = "https://medium.com/the-theory-of-everything/understanding-activation-functions-in-neural-networks-9491262884e0",
}
@misc{ wiki:machine_learning,
    author = "Wikipedia",
    title = "Machine learning --- Wikipedia{,} The Free Encyclopedia",
    year = "2017",
    url = "https://en.wikipedia.org/w/index.php?title=Machine_learning&oldid=808505847",
    note = "[Online; accessed 3-November-2017]"
  }

@online{aarpathy,
    author    = "Aarpathy at Stanford University",
    title     = "CS231n Convolutional Neural Networks for Visual Recognition",
    url       = "http://cs231n.github.io/neural-networks-1/",
    keywords  = "cs231,CNN"
}

